@article{keyRef,
  title = {Spatiotemporal Variability in Bigeye Vertical Distribution in the {{Pacific Ocean}}},
  author = {Abascal, F. J. and Peatman, T. and Leroy, B. and Nicol, S. and Schaefer, K. and Fuller, D. W. and Hampton, J.},
  year = {2018},
  month = aug,
  journal = {Fisheries Research},
  volume = {204},
  pages = {371--379},
  issn = {0165-7836},
  doi = {10.1016/j.fishres.2018.03.013},
  langid = {english},
  keywords = {Archival tagging,Bigeye tuna,Catchability,ENSO},
  file = {/home/barrier/Zotero/storage/PTH2HJ3X/Abascal et al. - 2018 - Spatiotemporal variability in bigeye vertical dist.pdf;/home/barrier/Zotero/storage/CSNI2W7B/S0165783618300870.html}
}

@incollection{allainOverviewTunaFisheries2018,
  title = {Overview of Tuna Fisheries, Stock Status and Management Framework in the {{Western}} and {{Central Pacific Ocean}}},
  booktitle = {Fisheries in the {{Pacific}} : {{The}} Challenges of Governance and Sustainability},
  author = {Allain, Val{\'e}rie and Pilling, Graham Michael and Williams, Peter Gregory and Harley, Shelton and Nicol, Simon and Hampton, John},
  editor = {Fache, Elodie and Pauwels, Simonne},
  year = {2018},
  month = mar,
  series = {Cahiers Du {{Credo}}},
  pages = {19--48},
  publisher = {{pacific-credo Publications}},
  address = {{Marseille}},
  isbn = {978-2-9563981-6-5},
  keywords = {fisheries,food security,Pacific,sustainability}
}

@article{almarzouqMiningGitHubResearch2020,
  title = {Mining {{GitHub}} for Research and Education: Challenges and Opportunities},
  shorttitle = {Mining {{GitHub}} for Research and Education},
  author = {AlMarzouq, Mohammad and AlZaidan, Abdullatif and AlDallal, Jehad},
  year = {2020},
  month = jan,
  journal = {International Journal of Web Information Systems},
  volume = {16},
  number = {4},
  pages = {451--473},
  publisher = {{Emerald Publishing Limited}},
  issn = {1744-0084},
  doi = {10.1108/IJWIS-03-2020-0016},
  keywords = {Applications of Web mining and searching,Cloud platform,Communities on the Web,Data mining,Data sources,GitHub,Open source,Web mining,Web scraping,Web-based education}
}